@book{chen,
	title = {Introduction to Plasma Physics and Controlled Fusion: Volume 1: Plasma Physics},
	isbn = {978-0-306-41332-2},
	shorttitle = {Introduction to Plasma Physics and Controlled Fusion},
	pagetotal = {448},
	publisher = {Plenum Press},
	author = {Chen, Francis F.},
	date = {1984},
}
